
@article{silva,
	title = {Data science and statistics: a network analysis to understand the foreign investment},
	author = {Silva, {João Falcão} and Pinheiro, {Flávio} and Stavrik, Bojan},
	langid = {en}
}

@article{baron2001,
	title = {Recent results on functional equations in a single variable, perspectives and open problems},
	author = {Baron, K.},
	year = {2001},
	month = {02},
	date = {2001-02-01},
	journal = {Aequationes Mathematicae},
	pages = {1--48},
	volume = {61},
	number = {1-2},
	doi = {10.1007/s000100050159},
	url = {http://link.springer.com/10.1007/s000100050159},
	langid = {en}
}
